<collection xmlns="http://www.loc.gov/MARC21/slim"><record><leader>01111nam  2200289   450</leader><controlfield tag="001">627</controlfield><controlfield tag="003">http://montalegre.opacnet.com/OPAC/default.aspx?ContentAreaControl=ShowRegHoldings.ascx&amp;RegNo=16662</controlfield><controlfield tag="005">20</controlfield><datafield tag="021" ind1=" " ind2=" "><subfield code="a">PT</subfield><subfield code="b">14240/86</subfield></datafield><datafield tag="100" ind1=" " ind2=" "><subfield code="a">19870112d1986    cd y0pory010305  ba</subfield></datafield><datafield tag="101" ind1="0" ind2=" "><subfield code="a">por</subfield></datafield><datafield tag="102" ind1=" " ind2=" "><subfield code="a">PT</subfield></datafield><datafield tag="200" ind1="1" ind2=" "><subfield code="a">&lt;O &gt;livro da Tila</subfield><subfield code="e">cantigas pequeninas</subfield><subfield code="f">Matilde Rosa Araújo</subfield></datafield><datafield tag="205" ind1=" " ind2=" "><subfield code="a">10ª ed</subfield></datafield><datafield tag="210" ind1=" " ind2=" "><subfield code="a">Lisboa</subfield><subfield code="c">Horizonte</subfield><subfield code="d">1986</subfield></datafield><datafield tag="215" ind1=" " ind2=" "><subfield code="a">37,[3]p.</subfield><subfield code="c">il.</subfield><subfield code="d">24 cm</subfield></datafield><datafield tag="225" ind1="2" ind2=" "><subfield code="a">Obras de Matilde Rosa Araújo</subfield></datafield><datafield tag="606" ind1=" " ind2=" "><subfield code="a">Literatura portuguesa</subfield><subfield code="2">Autoridade</subfield><subfield code="3">PT-----------2012041710390005598</subfield></datafield><datafield tag="608" ind1=" " ind2=" "><subfield code="a">Literatura infantil e juvenil</subfield><subfield code="2">Autoridade</subfield><subfield code="3">PT9999-00-10-2009040123590005446</subfield></datafield><datafield tag="608" ind1=" " ind2=" "><subfield code="a">Poesia</subfield><subfield code="2">Autoridade</subfield><subfield code="3">PT9999-00-10-2009040123590005517</subfield></datafield><datafield tag="675" ind1=" " ind2=" "><subfield code="a">821.134.3-1</subfield></datafield><datafield tag="675" ind1=" " ind2=" "><subfield code="a">087.5</subfield></datafield><datafield tag="700" ind1=" " ind2="1"><subfield code="a">Araújo</subfield><subfield code="b">Matilde Rosa</subfield><subfield code="f">1921-2010</subfield><subfield code="2">Autoridade</subfield><subfield code="3">PT-----------2013102217230005941</subfield></datafield><datafield tag="801" ind1=" " ind2="0"><subfield code="a">PT</subfield><subfield code="b">Biblioteca Municipal de Montalegre</subfield><subfield code="g">RPC</subfield></datafield><datafield tag="856" ind1=" " ind2=" "><subfield code="u">locateMedia.asp?cod=20060522164524&amp;ext=jpg</subfield><subfield code="z">CAPA</subfield></datafield><datafield tag="909" ind1="&#9;" ind2=" "><subfield code="a">3</subfield></datafield><datafield tag="966" ind1=" " ind2=" "><subfield code="a">0001623</subfield><subfield code="l">BMM</subfield><subfield code="s">SI 821.134.3-1 ARA liv</subfield></datafield><datafield tag="966" ind1=" " ind2=" "><subfield code="a">0001622</subfield><subfield code="l">BMM</subfield><subfield code="s">SI 821.134.3-1 ARA liv</subfield></datafield><datafield tag="966" ind1=" " ind2=" "><subfield code="a">0019811</subfield><subfield code="l">BMM</subfield><subfield code="s">SI 821.134.3-1 ARA liv</subfield></datafield></record></collection>